@Online{nikouei19_i_safe,
  archiveprefix ={arXiv},
  author =	 {Seyed Yahya Nikouei AND Yu Chen AND Alexander Aved
                  AND Erik Blasch AND Timothy R. Faughnan},
  eprint =	 {1909.05776v1},
  primaryclass = {cs.CV},
  title =	 {{I-SAFE: Instant Suspicious Activity identiFication
                  at the Edge using Fuzzy Decision Making}},
  year =	 2019,
}

@Article{ellwanger11_higgs_boson_next_to_minim,
  author =	 {Ellwanger, Ulrich},
  title =	 {Higgs Bosons in the Next-To-Minimal Supersymmetric
                  Standard Model At the Lhc},
  journal =	 {The European Physical Journal C},
  volume =	 71,
  number =	 10,
  year =	 2011,
  doi =		 {10.1140/epjc/s10052-011-1782-3},
  url =		 {https://doi.org/10.1140/epjc/s10052-011-1782-3},
  issn =	 {1434-6052},
  month =	 {Oct},
  publisher =	 {Springer Science and Business Media LLC},
}
@Online{nikouei19_decen_smart_surveil_micros_platf,
  archiveprefix ={arXiv},
  author =	 {Seyed Yahya Nikouei AND Ronghua Xu AND Yu Chen AND
                  Alex Aved AND Erik Blasch},
  eprint =	 {1903.04563v1},
  primaryclass = {cs.DC},
  title =	 {{Decentralized Smart Surveillance through
                  Microservices Platform}},
  year =	 2019,
}
@Online{xu19_blend,
  archiveprefix ={arXiv},
  author =	 {Ronghua Xu AND Seyed Yahya Nikouei AND Yu Chen AND
                  Erik Blasch AND Alex Aved},
  eprint =	 {1902.10567v1},
  primaryclass = {cs.NI},
  title =	 {{BlendMAS: A BLockchain-ENabled Decentralized
                  Microservices Architecture for Smart Public Safety}},
  year =	 2019,
}

@Online{nagothu18_micros_archit_smart_surveil_block_techn,
  archiveprefix ={arXiv},
  author =	 {Deeraj Nagothu AND Ronghua Xu AND Seyed Yahya
                  Nikouei AND Yu Chen},
  eprint =	 {1807.07487v1},
  primaryclass = {cs.DC},
  title =	 {{A Microservice-enabled Architecture for Smart
                  Surveillance using Blockchain Technology}},
  year =	 2018,
}